% !TEX root = thesis.tex

@book{BRV,
  author    = "Blackburn, Patrick and de Rijke, Maarten and Venema, Yde",
  title     = "{Modal Logic}",
  number    = 53,
  publisher = "Cambridge University Press",
  series    = "{Cambridge Tracts in Theoretical Computer Science}",
  isbn      = "978-0-521-52714-9",
  year      = 2001,
}

@book{Littlewood1953:amm,
  address   = "London",
  author    = "Littlewood, J.E.",
  publisher = "Methuen",
  title     = "A Mathematician's Miscellany",
  year      = 1953,
  url       = {https://archive.org/details/mathematiciansmi033496mbp},
}

@misc {Nobody2018:Where,
  title  = {Where is the title? Making up references for your Thesis},
  author = {Momo Nobody},
  note   = {Submitted},
  year   = 2018,
}

@article{Bryant86:bdds,
  author    = "Bryant, Randal E.",
  title     = "{Graph-Based Algorithms for Boolean Function Manipulation}",
  journal   = "IEEE Transaction on Computers",
  number    = 8,
  pages     = "677--691",
  volume    = "C-35",
  year      = 1986,
  doi       = {10.1109/TC.1986.1676819},
}
